@misc{erkok2019sbv,
	author = {Erk{\"o}k, L},
	title = {{SBV: SMT based verification in Haskell}},
	howpublished = "Software library",
	year = {2019}
}


@inproceedings{Simeon:2018,
	Author = {Lamela Seijas, Pablo and Thompson, Simon},
	Booktitle = {Leveraging Applications of Formal Methods, Verification and Validation. Industrial Practice. ISoLA 2018.},
	Publisher = {Springer},
	Title = {Simeon: Financial Contracts on Blockchain},
	Year = {2018}}


@misc{simeon2020,
	author = {{Lamela Seijas}, Pablo and Nemish, Alexander and Smith, David and Thompson, Simon},
	title = {Simeon: implementing and analysing financial contracts on blockchain},
	year = {2020},
	howpublished = "Workshop on Trusted Smart Contracts, to appear",
}

@inproceedings{gulwani2008program,
	author = {Gulwani, Sumit and Srivastava, Saurabh and Venkatesan, Ramarathnam},
	booktitle = {Proceedings of the 29th ACM SIGPLAN Conference PLDI},
	title = {Program analysis as constraint solving},
	year = {2008}
}

@article{jackson2000finding,
	author = {Jackson, Daniel and Vaziri, Mandana},
	journal = {ACM SIGSOFT Software Engineering Notes},
	number = {5},
	publisher = {ACM New York, NY, USA},
	title = {Finding bugs with a constraint solver},
	volume = {25},
	year = {2000}
}

@inproceedings{clarke2004tool,
	author = {Clarke, Edmund and Kroening, Daniel and Lerda, Flavio},
	booktitle = {International Conference on Tools and Algorithms for the Construction and Analysis of Systems},
	organization = {Springer},
	title = {{A tool for checking ANSI-C programs}},
	year = {2004}
}

@book{nipkow2002isabelle,
	author = {Nipkow, Tobias and Paulson, Lawrence C and Wenzel, Markus},
	publisher = {Springer Science \& Business Media},
	title = {{Isabelle/HOL: a proof assistant for higher-order logic}},
	volume = {2283},
	year = {2002}
}

@inproceedings{mokhov2019formal,
	author = {Mokhov, Andrey and Lukyanov, Georgy and Lechner, Jakob},
	booktitle = {Proceedings of the 12th ACM SIGPLAN International Symposium on Haskell},
	title = {Formal verification of spacecraft control programs (experience report)},
	year = {2019}
}

@inproceedings{xie2005saturn,
	author = {Xie, Yichen and Aiken, Alex},
	booktitle = {International Conference on Computer Aided Verification},
	organization = {Springer},
	title = {{Saturn: A SAT-based tool for bug detection}},
	year = {2005}
}

@inproceedings{ball2001automatically,
	author = {Ball, Thomas and Rajamani, Sriram K},
	booktitle = {SPIN Workshop on Model Checking of Software},
	organization = {Springer},
	title = {Automatically validating temporal safety properties of interfaces},
	year = {2001}
}

@inproceedings{keshishzadeh2013early,
	author = {Keshishzadeh, Sarmen and Mooij, Arjan J and Mousavi, Mohammad Reza},
	booktitle = {International Conference on Software Engineering and Formal Methods},
	organization = {Springer},
	title = {{Early fault detection in DSLs using SMT solving and automated debugging}},
	year = {2013}
}

@misc{perf,
	howpublished = {\url{https://github.com/torvalds/linux/tree/master/tools/perf} [last visited 20-05-2020]},
	title = {{Performance analysis tools for Linux}}
}

@inproceedings{de2008z3,
	author = {{De Moura}, Leonardo and Bj{\o}rner, Nikolaj},
	booktitle = {Internat.\ Conf.\ on Tools and Algorithms for the Construction and Analysis of Systems},
	organization = {Springer},
	title = {{Z3: An efficient SMT solver}},
	year = {2008}
}

@misc{keppel1998gnu,
	author = {Keppel, David and MacKenzie, David and Juul, Arne Henrik and Pinard, Francois},
	howpublished = {\url{https://www.gnu.org/software/time/} [last visited 20-05-2020]},
	title = {{GNU} time tool},
	year = {1998}
}

@inproceedings{sheard2002template,
	author = {Sheard, Tim and Jones, Simon Peyton},
	booktitle = {Proceedings of the 2002 ACM SIGPLAN workshop on Haskell},
	title = {{Template meta-programming for Haskell}},
	year = {2002}
}

@inproceedings{barrett2010smt,
	author = {Barrett, Clark and Stump, Aaron and Tinelli, Cesare and others},
	booktitle = {{Proc.\ 8th International Workshop on Satisfiability Modulo Theories}},
	title = {{The SMT-LIB standard: Version 2.0}},
	year = {2010}
}

@article{quickcheck,
	author = {Claessen, Koen and Hughes, John},
	journal = {Proceedings of the ACM SIGPLAN International Conference on Functional Programming, ICFP},
	title = {{QuickCheck: A Lightweight Tool for Random Testing of {Haskell} Programs}},
	volume = {46},
	year = {2000}
}

